<?xml version="1.0" encoding="UTF-8"?><collection xmlns="http://www.loc.gov/MARC21/slim"><record><leader>00443nam--2200169-i-4500</leader><controlfield tag="001">000011437</controlfield><controlfield tag="002">20161230</controlfield><controlfield tag="005">20170127145358</controlfield><controlfield tag="008">060222s1000------------r-----000-0-eng-d</controlfield><datafield ind1=" " ind2=" " tag="100"><subfield code="a">Rice, Stuart A</subfield></datafield><datafield ind1=" " ind2=" " tag="245"><subfield code="a">Aspects Of The Study Of Surfaces</subfield></datafield><datafield ind1=" " ind2=" " tag="260"><subfield code="a">New York</subfield><subfield code="b">John Wiley &amp; Sons</subfield><subfield code="c">1974</subfield></datafield><datafield ind1=" " ind2=" " tag="300"><subfield code="a">IX + 656 p</subfield></datafield><datafield ind1=" " ind2=" " tag="490"><subfield code="a">Advanced In Chemical Physics</subfield></datafield><datafield ind1=" " ind2=" " tag="700"><subfield code="a">Prigogine, Ilya</subfield></datafield><datafield ind1=" " ind2=" " tag="852"><subfield code="a">541.1</subfield></datafield><datafield ind1=" " ind2=" " tag="CAT"><subfield code="a">SYS</subfield><subfield code="c">20170127</subfield><subfield code="h">145358</subfield></datafield></record></collection>